<record><leader>00000cas a22000007a 4500</leader><controlfield tag="001">7548417</controlfield><controlfield tag="008">810702c19769999ohucr ne      0   a0eng d</controlfield><datafield ind1=" " ind2=" " tag="010"><subfield code="a">sn 90068677 </subfield></datafield><datafield ind1=" " ind2=" " tag="040"><subfield code="a">AKR</subfield><subfield code="b">eng</subfield><subfield code="c">AKR</subfield><subfield code="d">ONP</subfield><subfield code="d">OCLCQ</subfield><subfield code="d">OCLCF</subfield><subfield code="d">OCLCO</subfield><subfield code="d">OCLCA</subfield></datafield><datafield ind1="1" ind2=" " tag="029"><subfield code="a">AU@</subfield><subfield code="b">000025877428</subfield></datafield><datafield ind1=" " ind2=" " tag="042"><subfield code="a">msc</subfield></datafield><datafield ind1="0" ind2=" " tag="130"><subfield code="a">Buchtelite (Akron, Ohio : 1976)</subfield></datafield><datafield ind1="0" ind2="4" tag="245"><subfield code="a">The Buchtelite.</subfield></datafield><datafield ind1=" " ind2=" " tag="260"><subfield code="a">[Akron, Ohio] :</subfield><subfield code="b">The University of Akron,</subfield><subfield code="c">1976-</subfield></datafield><datafield ind1=" " ind2=" " tag="300"><subfield code="a">v.</subfield></datafield><datafield ind1=" " ind2=" " tag="310"><subfield code="a">Semiweekly</subfield><subfield code="b">Sept.-May; weekly, June-Aug.</subfield></datafield><datafield ind1="0" ind2=" " tag="362"><subfield code="a">Vol. 88, no. 1 (Sept. 21, 1976)-</subfield></datafield><datafield ind1=" " ind2="0" tag="650"><subfield code="a">Universities and colleges</subfield><subfield code="z">Ohio</subfield><subfield code="v">Newspapers.</subfield></datafield><datafield ind1=" " ind2="4" tag="651"><subfield code="a">Akron (Ohio)</subfield><subfield code="v">Newspapers.</subfield></datafield><datafield ind1=" " ind2="4" tag="651"><subfield code="a">Summit County (Ohio)</subfield><subfield code="v">Newspapers.</subfield></datafield><datafield ind1=" " ind2="7" tag="655"><subfield code="a">Newspapers.</subfield><subfield code="2">fast</subfield><subfield code="0">(OCoLC)fst01423814</subfield></datafield><datafield ind1=" " ind2="7" tag="650"><subfield code="a">Universities and colleges.</subfield><subfield code="2">fast</subfield><subfield code="0">(OCoLC)fst01161597</subfield></datafield><datafield ind1=" " ind2="7" tag="651"><subfield code="a">Ohio.</subfield><subfield code="2">fast</subfield><subfield code="0">(OCoLC)fst01205075</subfield></datafield><datafield ind1="2" ind2=" " tag="710"><subfield code="a">University of Akron.</subfield></datafield><datafield ind1="0" ind2="0" tag="780"><subfield code="t">Akron buchtelite</subfield><subfield code="w">(DLC)sn 90068678</subfield></datafield><datafield ind1=" " ind2=" " tag="936"><subfield code="a">vol. 92, no. 6</subfield></datafield></record>